%YAML 1.1
%TAG !u! tag:unity3d.com,2011:
--- !u!91 &9100000
AnimatorController:
  m_ObjectHideFlags: 0
  m_PrefabParentObject: {fileID: 0}
  m_PrefabInternal: {fileID: 0}
  m_Name: NullObject
  serializedVersion: 2
  m_AnimatorParameters: []
  m_AnimatorLayers:
  - serializedVersion: 3
    m_Name: Base Layer
    m_StateMachine: {fileID: 110700000}
    m_Mask: {fileID: 0}
    m_BlendingMode: 0
    m_SyncedLayerIndex: -1
    m_StateMachineMotionSetIndex: 0
    m_DefaultWeight: 0
    m_IKPass: 0
    m_SyncedLayerAffectsTiming: 0
    m_Controller: {fileID: 9100000}
--- !u!1102 &110200000
State:
  m_ObjectHideFlags: 3
  m_PrefabParentObject: {fileID: 0}
  m_PrefabInternal: {fileID: 0}
  m_Name: Floaters
  m_Speed: 0
  m_CycleOffset: 0
  m_Motions:
  - {fileID: 7400000, guid: 0c3252a3c26a7ec468abdf11bf0e3745, type: 2}
  m_ParentStateMachine: {fileID: 110700000}
  m_Position: {x: -72, y: -84, z: 0}
  m_IKOnFeet: 0
  m_Mirror: 0
  m_Tag: 
--- !u!1102 &110201898
State:
  m_ObjectHideFlags: 3
  m_PrefabParentObject: {fileID: 0}
  m_PrefabInternal: {fileID: 0}
  m_Name: Glaucoma
  m_Speed: 1
  m_CycleOffset: 0
  m_Motions:
  - {fileID: 7400000, guid: 7770cd0855a8ae74783ff6127d0a9c54, type: 2}
  m_ParentStateMachine: {fileID: 110700000}
  m_Position: {x: -72, y: -24, z: 0}
  m_IKOnFeet: 0
  m_Mirror: 0
  m_Tag: 
--- !u!1102 &110204915
State:
  m_ObjectHideFlags: 3
  m_PrefabParentObject: {fileID: 0}
  m_PrefabInternal: {fileID: 0}
  m_Name: Presbyopia
  m_Speed: 1
  m_CycleOffset: 0
  m_Motions:
  - {fileID: 7400000, guid: c107b95f61f6f754ab94b10284992bb2, type: 2}
  m_ParentStateMachine: {fileID: 110700000}
  m_Position: {x: -72, y: -324, z: 0}
  m_IKOnFeet: 0
  m_Mirror: 0
  m_Tag: 
--- !u!1102 &110205411
State:
  m_ObjectHideFlags: 3
  m_PrefabParentObject: {fileID: 0}
  m_PrefabInternal: {fileID: 0}
  m_Name: ERM
  m_Speed: 1
  m_CycleOffset: 0
  m_Motions:
  - {fileID: 7400000, guid: f689bd4506590234994055a98cc67f10, type: 2}
  m_ParentStateMachine: {fileID: 110700000}
  m_Position: {x: -72, y: -144, z: 0}
  m_IKOnFeet: 0
  m_Mirror: 0
  m_Tag: 
--- !u!1102 &110217953
State:
  m_ObjectHideFlags: 3
  m_PrefabParentObject: {fileID: 0}
  m_PrefabInternal: {fileID: 0}
  m_Name: Oedema
  m_Speed: 1
  m_CycleOffset: 0
  m_Motions:
  - {fileID: 7400000, guid: f0458bb21f82ffd4ab8f8d7753270601, type: 2}
  m_ParentStateMachine: {fileID: 110700000}
  m_Position: {x: -72, y: 96, z: 0}
  m_IKOnFeet: 0
  m_Mirror: 0
  m_Tag: 
--- !u!1102 &110220789
State:
  m_ObjectHideFlags: 3
  m_PrefabParentObject: {fileID: 0}
  m_PrefabInternal: {fileID: 0}
  m_Name: DarkSpot
  m_Speed: 1
  m_CycleOffset: 0
  m_Motions:
  - {fileID: 7400000, guid: 0da88e67aa246ec4485b4a155deb3080, type: 2}
  m_ParentStateMachine: {fileID: 110700000}
  m_Position: {x: 300, y: -168, z: 0}
  m_IKOnFeet: 0
  m_Mirror: 0
  m_Tag: 
--- !u!1102 &110226331
State:
  m_ObjectHideFlags: 3
  m_PrefabParentObject: {fileID: 0}
  m_PrefabInternal: {fileID: 0}
  m_Name: Cataract
  m_Speed: 1
  m_CycleOffset: 0
  m_Motions:
  - {fileID: 7400000, guid: 0efbf4152859b0149a4090f4a22efaa0, type: 2}
  m_ParentStateMachine: {fileID: 110700000}
  m_Position: {x: -72, y: -204, z: 0}
  m_IKOnFeet: 0
  m_Mirror: 0
  m_Tag: 
--- !u!1102 &110233432
State:
  m_ObjectHideFlags: 3
  m_PrefabParentObject: {fileID: 0}
  m_PrefabInternal: {fileID: 0}
  m_Name: RD
  m_Speed: 1
  m_CycleOffset: 0
  m_Motions:
  - {fileID: 7400000, guid: 7540bb9239d6207478f8365351953107, type: 2}
  m_ParentStateMachine: {fileID: 110700000}
  m_Position: {x: -72, y: 156, z: 0}
  m_IKOnFeet: 0
  m_Mirror: 0
  m_Tag: 
--- !u!1102 &110240005
State:
  m_ObjectHideFlags: 3
  m_PrefabParentObject: {fileID: 0}
  m_PrefabInternal: {fileID: 0}
  m_Name: AMD 0
  m_Speed: 1
  m_CycleOffset: 0
  m_Motions:
  - {fileID: 7400000, guid: 27e886a9198d6dc4b8a29369f447e10d, type: 2}
  m_ParentStateMachine: {fileID: 110700000}
  m_Position: {x: 548, y: 262, z: 0}
  m_IKOnFeet: 0
  m_Mirror: 0
  m_Tag: 
--- !u!1102 &110244323
State:
  m_ObjectHideFlags: 3
  m_PrefabParentObject: {fileID: 0}
  m_PrefabInternal: {fileID: 0}
  m_Name: MaculaPucker
  m_Speed: 1
  m_CycleOffset: 0
  m_Motions:
  - {fileID: 7400000, guid: 9779ef0486eb4df4da29c4503d26f76d, type: 2}
  m_ParentStateMachine: {fileID: 110700000}
  m_Position: {x: 528, y: -180, z: 0}
  m_IKOnFeet: 0
  m_Mirror: 0
  m_Tag: 
--- !u!1102 &110248679
State:
  m_ObjectHideFlags: 3
  m_PrefabParentObject: {fileID: 0}
  m_PrefabInternal: {fileID: 0}
  m_Name: DarkenRoom
  m_Speed: 1
  m_CycleOffset: 0
  m_Motions:
  - {fileID: 7400000, guid: 214d76dc40053a3439bc20741abd2de2, type: 2}
  m_ParentStateMachine: {fileID: 110700000}
  m_Position: {x: 564, y: -84, z: 0}
  m_IKOnFeet: 0
  m_Mirror: 0
  m_Tag: 
--- !u!1102 &110261486
State:
  m_ObjectHideFlags: 3
  m_PrefabParentObject: {fileID: 0}
  m_PrefabInternal: {fileID: 0}
  m_Name: Haloes
  m_Speed: 1
  m_CycleOffset: 0
  m_Motions:
  - {fileID: 7400000, guid: bd19dfec2e52d4b458e478acf814be3f, type: 2}
  m_ParentStateMachine: {fileID: 110700000}
  m_Position: {x: -72, y: 36, z: 0}
  m_IKOnFeet: 0
  m_Mirror: 0
  m_Tag: 
--- !u!1102 &110265906
State:
  m_ObjectHideFlags: 3
  m_PrefabParentObject: {fileID: 0}
  m_PrefabInternal: {fileID: 0}
  m_Name: Hyperopia
  m_Speed: 1
  m_CycleOffset: 0
  m_Motions:
  - {fileID: 7400000, guid: 2b08d784de12e3446880786258220e09, type: 2}
  m_ParentStateMachine: {fileID: 110700000}
  m_Position: {x: -72, y: -444, z: 0}
  m_IKOnFeet: 0
  m_Mirror: 0
  m_Tag: 
--- !u!1102 &110270282
State:
  m_ObjectHideFlags: 3
  m_PrefabParentObject: {fileID: 0}
  m_PrefabInternal: {fileID: 0}
  m_Name: Myopia
  m_Speed: 1
  m_CycleOffset: 0
  m_Motions:
  - {fileID: 7400000, guid: 1ea9971dccf46664d992259dde5e3aa8, type: 2}
  m_ParentStateMachine: {fileID: 110700000}
  m_Position: {x: -72, y: -384, z: 0}
  m_IKOnFeet: 0
  m_Mirror: 0
  m_Tag: 
--- !u!1102 &110278429
State:
  m_ObjectHideFlags: 3
  m_PrefabParentObject: {fileID: 0}
  m_PrefabInternal: {fileID: 0}
  m_Name: AMD
  m_Speed: 1
  m_CycleOffset: 0
  m_Motions:
  - {fileID: 7400000, guid: 27e886a9198d6dc4b8a29369f447e10d, type: 2}
  m_ParentStateMachine: {fileID: 110700000}
  m_Position: {x: -72, y: -264, z: 0}
  m_IKOnFeet: 0
  m_Mirror: 0
  m_Tag: 
--- !u!1107 &110700000
StateMachine:
  serializedVersion: 2
  m_ObjectHideFlags: 3
  m_PrefabParentObject: {fileID: 0}
  m_PrefabInternal: {fileID: 0}
  m_Name: Base Layer
  m_DefaultState: {fileID: 110200000}
  m_States:
  - {fileID: 110200000}
  - {fileID: 110233432}
  - {fileID: 110244323}
  - {fileID: 110265906}
  - {fileID: 110226331}
  - {fileID: 110220789}
  - {fileID: 110248679}
  - {fileID: 110261486}
  - {fileID: 110270282}
  - {fileID: 110217953}
  - {fileID: 110278429}
  - {fileID: 110240005}
  - {fileID: 110201898}
  - {fileID: 110204915}
  - {fileID: 110205411}
  m_ChildStateMachine: []
  m_ChildStateMachinePosition: []
  m_OrderedTransitions: {}
  m_MotionSetCount: 1
  m_AnyStatePosition: {x: 216, y: 24, z: 0}
  m_ParentStateMachinePosition: {x: 800, y: 20, z: 0}
